%====================================================================
%----------------------REFERÃŠNCIAS-------------------------
%====================================================================
@InProceedings{Wang_2020_CVPR,
author = {Wang, Qilong and Wu, Banggu and Zhu, Pengfei and Li, Peihua and Zuo, Wangmeng and Hu, Qinghua},
title = {ECA-Net: Efficient Channel Attention for Deep Convolutional Neural Networks},
booktitle = {Proceedings of the IEEE/CVF Conference on Computer Vision and Pattern Recognition (CVPR)},
month = {June},
year = {2020}
}


@book{gelman2006data,
  title={Data analysis using regression and multilevel/hierarchical models},
  author={Gelman, Andrew and Hill, Jennifer},
  year={2006},
  publisher={Cambridge university press}
}

@InProceedings{He2016Deep,
  author    = {He, Kaiming and Zhang, Xiangyu and Ren, Shaoqing and Sun, Jian},
  title     = {Deep Residual Learning for Image Recognition},
  booktitle = {Proceedings of the IEEE Conference on Computer Vision and Pattern Recognition (CVPR)},
  year      = {2016},
  eprint    = {1512.03385},
  archivePrefix = {arXiv}
}

@InProceedings{Liu2022ConvNet,
  author    = {Liu, Zhuang and Mao, Hanzi and Wu, Chao-Yuan and Feichtenhofer, Christoph and Darrell, Trevor and Xie, Saining},
  title     = {A ConvNet for the 2020s},
  booktitle = {Proceedings of the IEEE/CVF Conference on Computer Vision and Pattern Recognition (CVPR)},
  year      = {2022},
  eprint    = {2201.03545},
  archivePrefix = {arXiv}
}

@InProceedings{Guo2022SegNeXt,
  author    = {Guo, Meng-Hao and Lu, Cheng-Ze and Hou, Qibin and Liu, Zheng-Ning and Cheng, Ming-Ming and Hu, Shi-Min},
  title     = {SegNeXt: Rethinking Convolutional Attention Design for Semantic Segmentation},
  booktitle = {Advances in Neural Information Processing Systems (NeurIPS)},
  year      = {2022},
  eprint    = {2209.08575},
  archivePrefix = {arXiv}
}

@Article{Li2023Large,
  author    = {Li, Yuxuan and Yuan, Yuan and Fu, Kun and Li, Xian},
  title     = {Large Selective Kernel Network for Remote Sensing Object Detection},
  journal   = {IEEE Transactions on Geoscience and Remote Sensing},
  year      = {2023},
  eprint    = {2303.12164},
  archivePrefix = {arXiv}
}

@InProceedings{Dai2021CoAtNet,
  author    = {Dai, Zihang and Liu, Hanxiao and Le, Quoc V. and Tan, Mingxing},
  title     = {CoAtNet: Marrying Convolution and Attention for All Data Sizes},
  booktitle = {Advances in Neural Information Processing Systems (NeurIPS)},
  year      = {2021},
  eprint    = {2106.04803},
  archivePrefix = {arXiv}
}

@InProceedings{Wang2020CSPNet,
  author    = {Wang, Chien-Yao and Liao, Hong-Yuan Mark and Wu, Yueh-Hua and Chen, Ping-Yang and Hsieh, Jun-Wei and Yeh, I-Hau},
  title     = {CSPNet: A New Backbone that can Enhance Learning Capability of CNN},
  booktitle = {Proceedings of the IEEE/CVF Conference on Computer Vision and Pattern Recognition Workshops (CVPRW)},
  year      = {2020},
  eprint    = {1911.11929},
  archivePrefix = {arXiv}
}

@InProceedings{Han2020GhostNet,
  author    = {Han, Kai and Wang, Yunhe and Tian, Qi and Guo, Jianyuan and Xu, Chunjing and Xu, Chang},
  title     = {GhostNet: More Features from Cheap Operations},
  booktitle = {Proceedings of the IEEE/CVF Conference on Computer Vision and Pattern Recognition (CVPR)},
  year      = {2020},
  eprint    = {1911.11907},
  archivePrefix = {arXiv}
}

@InProceedings{Rao2022HorNet,
  author    = {Rao, Yongming and Zhao, Wenliang and Tang, Yansong and Zhou, Jie and Lim, Ser-Nam and Lu, Jiwen},
  title     = {HorNet: Efficient High-Order Spatial Interactions with Recursive Gated Convolutions},
  booktitle = {Advances in Neural Information Processing Systems (NeurIPS)},
  year      = {2022},
  eprint    = {2207.14284},
  archivePrefix = {arXiv}
}

@InProceedings{Zhang2022ResNeSt,
  author    = {Zhang, Hang and Li, Chongruo and Liu, Zhongyue},
  title     = {ResNeSt: Split-Attention Networks},
  booktitle = {Proceedings of the IEEE/CVF Conference on Computer Vision and Pattern Recognition (CVPR)},
  year      = {2022},
  eprint    = {2004.08955},
  archivePrefix = {arXiv},
  note      = {The original ResNeSt paper was by Zhang et al. in 2020, the report lists CVPR 2022 but arXiv ID points to 2020 version.}
}

@InProceedings{Tolstikhin2021MLPMixer,
  author    = {Tolstikhin, Ilya and Houlsby, Neil and Kolesnikov, Alexander and Beyer, Lucas and Zhai, Xiaohua and Unterthiner, Thomas and Yung, Jessica and Steiner, Andreas and Keysers, Daniel and Uszkoreit, Jakob and Lucic, Mario and Dosovitskiy, Alexey},
  title     = {MLP-Mixer: An all-MLP Architecture for Vision},
  booktitle = {Advances in Neural Information Processing Systems (NeurIPS)},
  year      = {2021},
  eprint    = {2105.01601},
  archivePrefix = {arXiv}
}

@TechReport{Krizhevsky2009Learning,
  author      = {Krizhevsky, Alex},
  title       = {Learning Multiple Layers of Features from Tiny Images},
  institution = {University of Toronto},
  year        = {2009}
}

@InProceedings{Paszke2019PyTorch,
  author    = {Paszke, Adam and Gross, Sam and Massa, Francisco and Lerer, Adam and Bradbury, James and Chanan, Gregory and Killeen, Trevor and Lin, Zeming and Gimelshein, Natalia and Antiga, Luca and Desmaison, Alban and Kopf, Andreas and Yang, Edward and DeVito, Zachary and Raison, Martin and Tejani, Alykhan and Chilamkurthy, Sasank and Steiner, Benoit and Fang, Lu and Bai, Junjie and Chintala, Soumith},
  title     = {PyTorch: An Imperative Style, High-Performance Deep Learning Library},
  booktitle = {Advances in Neural Information Processing Systems (NeurIPS)},
  year      = {2019},
  eprint    = {1912.01703},
  archivePrefix = {arXiv}
}

@Misc{HuggingFaceAccelerateDoc,
  author       = {{Hugging Face}},
  title        = {Accelerate documentation},
  howpublished = {\\url{https://huggingface.co/docs/accelerate}},
  note         = {Accessed: 2025-06-10}
}

@InProceedings{Wolf2020Transformers,
  author    = {Wolf, Thomas and Debut, Lysandre and Sanh, Victor and Chaumond, Julien and Delangue, Clement and Moi, Anthony and Cistac, Pierric and Rault, Tim and Louf, Remi and Funtowicz, Morgan and Davison, Joe and Shleifer, Sam and von Platen, Patrick and Ma, Clara and Jernite, Yacine and Plu, Julien and Xu, Canwen and Le Scao, Teven and Gugger, Sylvain and Drame, Mariama and Lhoest, Quentin and Rush, Alexander M. and Brew, John},
  title     = {Transformers: State-of-the-Art Natural Language Processing},
  booktitle = {Proceedings of the 2020 Conference on Empirical Methods in Natural Language Processing: System Demonstrations},
  year      = {2020},
  eprint    = {1910.03771},
  archivePrefix = {arXiv}
}




