@inproceedings{he2016deep,
  title={Deep residual learning for image recognition},
  author={He, Kaiming and Zhang, Xiangyu and Ren, Shaoqing and Sun, Jian},
  booktitle={Proceedings of the IEEE conference on computer vision and pattern recognition (CVPR)},
  year={2016},
  eprint={1512.03385},
  archivePrefix={arXiv},
}

@inproceedings{liu2022convnet,
  title={A convnet for the 2020s},
  author={Liu, Zhuang and Mao, Hanzi and Wu, Chao-Yuan and Feichtenhofer, Christoph and Darrell, Trevor and Xie, Saining},
  booktitle={Proceedings of the IEEE/CVF conference on computer vision and pattern recognition (CVPR)},
  year={2022},
  eprint={2201.03545},
  archivePrefix={arXiv},
}

@inproceedings{guo2022segnext,
  title={SegNeXt: Rethinking convolutional attention design for semantic segmentation},
  author={Guo, Meng-Hao and Lu, Cheng-Ze and Hou, Qibin and Liu, Zhengning and Cheng, Ming-Ming and Hu, Shi-Min},
  booktitle={Advances in Neural Information Processing Systems (NeurIPS)},
  year={2022},
  eprint={2209.08575},
  archivePrefix={arXiv},
}

@article{li2023large,
  title={Large selective kernel network for remote sensing object detection},
  author={Li, Yuxuan and Yuan, Yuan and Fu, Yu and Li, Xue},
  journal={IEEE Transactions on Geoscience and Remote Sensing},
  year={2023},
  eprint={2303.12164},
  archivePrefix={arXiv},
}

@inproceedings{dai2021coatnet,
  title={CoAtNet: Marrying convolution and attention for all data sizes},
  author={Dai, Zihang and Liu, Hanxiao and Le, Quoc V and Tan, Mingxing},
  booktitle={Advances in Neural Information Processing Systems (NeurIPS)},
  year={2021},
  eprint={2106.04803},
  archivePrefix={arXiv},
}

@inproceedings{wang2020ecanet,
  title={ECA-Net: Efficient channel attention for deep convolutional neural networks},
  author={Wang, Qilong and Wu, Banggu and Zhu, Pengfei and Li, Peihua and Zuo, Wangmeng and Hu, Qinghua},
  booktitle={Proceedings of the IEEE/CVF conference on computer vision and pattern recognition (CVPR)},
  year={2020},
  eprint={1910.03151},
  archivePrefix={arXiv},
}

@inproceedings{wang2020cspnet,
  title={CSPNet: A new backbone that can enhance learning capability of CNN},
  author={Wang, Chien-Yao and Liao, Hong-Yuan Mark and Wu, Yueh-Hua and Chen, Ping-Yang and Hsieh, Jun-Wei and Yeh, I-Hau},
  booktitle={Proceedings of the IEEE/CVF conference on computer vision and pattern recognition workshops (CVPRW)},
  year={2020},
  eprint={1911.11929},
  archivePrefix={arXiv},
}

@inproceedings{han2020ghostnet,
  title={GhostNet: More features from cheap operations},
  author={Han, Kai and Wang, Yunhe and Tian, Qi and Guo, Jianyuan and Xu, Chunjing and Xu, Chang},
  booktitle={Proceedings of the IEEE/CVF conference on computer vision and pattern recognition (CVPR)},
  year={2020},
  eprint={1911.11907},
  archivePrefix={arXiv},
}

@inproceedings{rao2022hornet,
  title={HorNet: Efficient high-order spatial interactions with recursive gated convolutions},
  author={Rao, Yongming and Zhao, Wenliang and Tang, Yansong and Zhou, Jie and Lim, Ser-Nam and Lu, Jiwen},
  booktitle={Advances in Neural Information Processing Systems (NeurIPS)},
  year={2022},
  eprint={2207.14284},
  archivePrefix={arXiv},
}

@inproceedings{zhang2022resnest,
  title={ResNeSt: Split-attention networks},
  author={Zhang, Hang and Li, Chong and Liu, Ziwei and Zhang, Zhongyue and Ren, Shaoqing and He, Kaiming},
  booktitle={Proceedings of the IEEE/CVF conference on computer vision and pattern recognition (CVPR)},
  year={2020},
  eprint={2004.08955},
  archivePrefix={arXiv},
  note={The original ResNeSt paper was by Zhang et al. in 2020. The reference in the markdown points to a 2022 citation of this work, we use the original publication date.}
}

@inproceedings{tolstikhin2021mlp,
  title={MLP-Mixer: An all-MLP architecture for vision},
  author={Tolstikhin, Ilya and Houlsby, Neil and Kolesnikov, Alexander and Beyer, Lucas and Zhai, Xiaohua and Unterthiner, Thomas and Yung, Jessica and Steiner, Andreas and Keysers, Daniel and Uszkoreit, Jakob and others},
  booktitle={Advances in Neural Information Processing Systems (NeurIPS)},
  year={2021},
  eprint={2105.01601},
  archivePrefix={arXiv},
}

@techreport{krizhevsky2009learning,
  title={Learning multiple layers of features from tiny images},
  author={Krizhevsky, Alex},
  institution={University of Toronto},
  year={2009}
}

@inproceedings{paszke2019pytorch,
  title={PyTorch: An imperative style, high-performance deep learning library},
  author={Paszke, Adam and Gross, Sam and Massa, Francisco and Lerer, Adam and Bradbury, James and Chanan, Gregory and Killeen, Trevor and Lin, Zeming and Gimelshein, Natalia and Antiga, Luca and others},
  booktitle={Advances in Neural Information Processing Systems (NeurIPS)},
  year={2019},
  eprint={1912.01703},
  archivePrefix={arXiv},
}

@misc{huggingfaceaccelerate,
  title={Accelerate Documentation},
  author={Hugging Face},
  year={2022},
  howpublished={\url{https://huggingface.co/docs/accelerate}},
}

@inproceedings{wolf2020transformers,
  title={Transformers: State-of-the-art natural language processing},
  author={Wolf, Thomas and Debut, Lysandre and Sanh, Victor and Chaumond, Julien and Delangue, Clement and Moi, Anthony and Cistac, Pierric and Rault, Tim and Louf, Remi and Funtowicz, Morgan and others},
  booktitle={Proceedings of the 2020 conference on empirical methods in natural language processing: system demonstrations},
  year={2020},
  eprint={1910.03771},
  archivePrefix={arXiv},
}